@article{raissi2019physics,
  title={Physics-informed neural networks: A deep learning framework for solving forward and inverse problems involving nonlinear partial differential equations},
  author={Raissi, Maziar and Perdikaris, Paris and Karniadakis, George E},
  journal={Journal of Computational Physics},
  volume={378},
  pages={686--707},
  year={2019},
  publisher={Elsevier}
}

@article{cuomo2022scientific,
  title={Scientific machine learning through physics-informed neural networks: Where we are and what's next},
  author={Cuomo, Salvatore and Di Cola, Vittorio and Giampaolo, Fabio and Rozza, Gianluigi and Raissi, Maziar and Piccialli, Francesco},
  journal={Journal of Scientific Computing},
  year={2022}
}

@article{sirignano2018deep,
  title={DGM: A deep learning algorithm for solving partial differential equations},
  author={Sirignano, Justin and Spiliopoulos, Konstantinos},
  journal={Journal of Computational Physics},
  year={2018}
}

@article{quinonero2009dataset,
  title={Dataset shift in machine learning},
  author={Quinonero-Candela, Joaquin and Sugiyama, Masashi and Schwaighofer, Anton and Lawrence, Neil D},
  journal={MIT Press},
  year={2009}
}

@article{karniadakis2021physics,
  title={Physics-informed machine learning},
  author={Karniadakis, George Em and Kevrekidis, Ioannis G and Lu, Lu and Perdikaris, Paris and Wang, Sifan and Yang, Liu},
  journal={Nature Reviews Physics},
  volume={3},
  number={6},
  pages={422--440},
  year={2021},
  publisher={Nature Publishing Group}
}

@book{goodfellow2016deep,
  title={Deep learning},
  author={Goodfellow, Ian and Bengio, Yoshua and Courville, Aaron},
  year={2016},
  publisher={MIT press}
}

@article{lecun2015deep,
  title={Deep learning},
  author={LeCun, Yann and Bengio, Yoshua and Hinton, Geoffrey},
  journal={Nature},
  volume={521},
  number={7553},
  pages={436--444},
  year={2015},
  publisher={Nature Publishing Group}
}

@article{rasht2022wave,
  title={PINNs for Wave Propagation},
  author={Rasht-Behesht, Mehdi and others},
  journal={Journal of Geophysical Research},
  year={2022}
}

@article{alkhadhr2023wave,
  title={Wave modelling via PINNs},
  author={Alkhadhr, Suliman and Almekkawy, Mohamed},
  journal={Sensors},
  year={2023}
}

@article{lagaris1998artificial,
  title={Artificial neural networks for solving ordinary and partial differential equations},
  author={Lagaris, Isaac E and Likas, Aristidis and Fotiadis, Dimitrios I},
  journal={IEEE Transactions on Neural Networks},
  volume={9},
  number={5},
  pages={987--1000},
  year={1998},
  publisher={IEEE}
}

@article{sirignano2018dgm,
  title={DGM: A deep learning algorithm for solving partial differential equations},
  author={Sirignano, Justin and Spiliopoulos, Konstantinos},
  journal={Journal of Computational Physics},
  volume={375},
  pages={1339--1364},
  year={2018},
  publisher={Elsevier}
}

@article{wang2022understanding,
  title={Understanding and mitigating gradient flow pathologies in physics-informed neural networks},
  author={Wang, Sifan and Perdikaris, Paris},
  journal={SIAM Journal on Scientific Computing},
  volume={44},
  number={4},
  pages={A2352--A2380},
  year={2022},
  publisher={SIAM}
}

@article{mishra2022estimates,
  title={Estimates and convergence of physics informed neural networks for PDEs with rough coefficients},
  author={Mishra, Siddhartha and Molinaro, R.},
  journal={Computational Methods in Applied Mathematics},
  year={2022}
}

@article{zhu2022periodic,
  title={Periodic PINNs: Physics-informed neural networks with periodic boundary conditions},
  author={Zhu, Zongyi and Karniadakis, George Em},
  journal={Computer Methods in Applied Mechanics and Engineering},
  volume={393},
  pages={114755},
  year={2022},
  publisher={Elsevier}
}

@article{zhang2022quantum,
  title={Quantum physics-informed neural networks},
  author={Zhang, Hao and Li, Xiang and Shi, Yifei},
  journal={Machine Learning: Science and Technology},
  volume={3},
  number={3},
  pages={035010},
  year={2022},
  publisher={IOP Publishing}
}

@article{schuld2021machine,
  title={Machine learning in quantum spaces},
  author={Schuld, Maria},
  journal={Nature Physics},
  volume={17},
  number={10},
  pages={1107--1113},
  year={2021},
  publisher={Nature Publishing Group}
}

@article{mcardle2020quantum,
  title={Quantum computational chemistry},
  author={McArdle, Sam and Endo, Suguru and Aspuru-Guzik, Al{'a}n and Benjamin, Simon C and Yuan, Xiao},
  journal={Reviews of Modern Physics},
  volume={92},
  number={1},
  pages={015003},
  year={2020},
  publisher={APS}
}

@article{yang2021bpinns,
  title={BPINNs: Bayesian physics-informed neural networks for forward and inverse PDE problems with noisy data},
  author={Yang, Liu and Meng, Xuhui and Karniadakis, George Em},
  journal={Journal of Computational Physics},
  volume={425},
  pages={109913},
  year={2021},
  publisher={Elsevier}
}

@article{sun2023ensemble,
  title={Ensemble physics-informed neural networks for uncertainty quantification},
  author={Sun, Luning and Wang, Qiang},
  journal={Journal of Computational Physics},
  volume={478},
  pages={111956},
  year={2023},
  publisher={Elsevier}
}

@article{fischer2018deep,
  title={Deep learning with long short-term memory networks for financial market predictions},
  author={Fischer, Thomas and Krauss, Christopher},
  journal={European Journal of Operational Research},
  volume={270},
  number={2},
  pages={654--669},
  year={2018},
  publisher={Elsevier}
}

@article{zang2020adaptive,
  title={Adaptive physics-informed neural networks for solving time-dependent PDEs},
  author={Zang, Yujun and Bao, Wujun and Ye, Xuhui and Zhou, Yuyuan and Tang, Yong},
  journal={Communications in Computational Physics},
  volume={28},
  number={5},
  pages={1602--1620},
  year={2020}
}

@article{black1973pricing,
  title={The pricing of options and corporate liabilities},
  author={Black, Fischer and Scholes, Myron},
  journal={Journal of Political Economy},
  volume={81},
  number={3},
  pages={637--654},
  year={1973},
  publisher={University of Chicago Press}
}

@article{becke2019modern,
  title={Modern applications of machine learning in quantum chemistry},
  author={Becke, Axel D and others},
  journal={Nature Reviews Chemistry},
  volume={3},
  number={6},
  pages={377--396},
  year={2019},
  publisher={Nature Publishing Group}
}

@article{finlay2022train,
  title={Trainable implied volatility surfaces using physics-informed neural networks},
  author={Finlay, Chris and others},
  journal={Quantitative Finance},
  volume={22},
  number={4},
  pages={723--741},
  year={2022},
  publisher={Taylor \& Francis}
}

@article{wight2020solving,
  title={Solving financial inverse problems using physics-informed neural networks},
  author={Wight, Colton and others},
  journal={Quantitative Finance Letters},
  volume={1},
  number={1},
  pages={12--21},
  year={2020},
  publisher={Elsevier}
}

@article{cao2021sde,
  title={Solving stochastic differential equations with neural networks},
  author={Cao, Jiefeng and Zhang, Lin and Karniadakis, George},
  journal={Journal of Computational Physics},
  volume={436},
  pages={110250},
  year={2021},
  publisher={Elsevier}
}

@article{zhu2023deep,
  title={Deep learning for option pricing: Review and new perspectives},
  author={Zhu, Yifan and others},
  journal={Finance Research Letters},
  volume={48},
  pages={102994},
  year={2023},
  publisher={Elsevier}
}

@article{chen2021solving,
  title={Solving nonlinear Schr{\"o}dinger equations using PINNs},
  author={Chen, Xi and others},
  journal={Computer Physics Communications},
  volume={262},
  pages={107813},
  year={2021},
  publisher={Elsevier}
}

@article{zhang2021pinns,
  title={PINNs for nonlinear financial Schr{\"o}dinger equations},
  author={Zhang, Yiming and Xu, Jinchao},
  journal={Quantitative Finance},
  volume={21},
  number={4},
  pages={512--529},
  year={2021},
  publisher={Taylor \& Francis}
}

@article{beck2019solving,
  title={Solving Kolmogorov equations via deep learning},
  author={Beck, Christian and others},
  journal={Journal of Scientific Computing},
  volume={80},
  number={1},
  pages={1--25},
  year={2019},
  publisher={Springer}
}

@article{hermann2020deeponets,
  title={Physics-informed DeepONets for learning operators},
  author={Hermann, Joseph and others},
  journal={NeurIPS},
  volume={33},
  year={2020},
  publisher={Curran Associates, Inc.}
}

@book{leveque2007finite,
  title={Finite Difference Methods for Ordinary and Partial Differential Equations},
  author={LeVeque, Randall J},
  year={2007},
  publisher={SIAM}
}

@book{morton2005numerical,
  title={Numerical Solution of Partial Differential Equations},
  author={Morton, K. W. and Mayers, D. F.},
  edition={2},
  year={2005},
  publisher={Cambridge University Press}
}

@book{strauss2007partial,
  title={Partial differential equations: An introduction},
  author={Strauss, Walter A},
  year={2007},
  publisher={Wiley}
}

@book{taylor2010partial,
  title={Partial differential equations I: Basic theory},
  author={Taylor, Michael E},
  volume={115},
  year={2010},
  publisher={Springer}
}

@article{baydin2018automatic,
  title={Automatic differentiation in machine learning: a survey},
  author={Baydin, Atilim Gunes and Pearlmutter, Barak A and Radul, Alexey Andreyevich and Siskind, Jeffrey Mark},
  journal={Journal of machine learning research},
  volume={18},
  year={2018}
}