@article{black1973pricing,
  title={The pricing of options and corporate liabilities},
  author={Black, Fischer and Scholes, Myron},
  journal={Journal of Political Economy},
  volume={81},
  number={3},
  pages={637--654},
  year={1973},
  publisher={University of Chicago Press},
}

@book{leveque2007finite,
  title={Finite Difference Methods for Ordinary and Partial Differential Equations: Steady-State and Time-Dependent Problems},
  author={LeVeque, Randall J.},
  year={2007},
  publisher={SIAM},
}

@book{morton2005numerical,
  title={Numerical Methods for Finance},
  author={Morton, Alan and Glasserman, Paul},
  year={2005},
  publisher={Cambridge University Press},
}

@article{raissi2019physics,
  title={Physics-informed neural networks: A deep learning framework for solving forward and inverse problems involving nonlinear partial differential equations},
  author={Raissi, Maziar and Perdikaris, Paris and Karniadakis, George E.},
  journal={Journal of Computational Physics},
  volume={378},
  pages={686--707},
  year={2019},
  publisher={Elsevier},
}

@article{karniadakis2021physics,
  title={Physics-informed machine learning},
  author={Karniadakis, George E. and Kevrekidis, Ioannis G. and Lu, Lu and Perdikaris, Paris and Wang, Sifan and Yang, Liu},
  journal={Nature Reviews Physics},
  volume={3},
  number={6},
  pages={422--440},
  year={2021},
  publisher={Nature Publishing Group},
}

@article{cuomo2022scientific,
  title={Scientific machine learning through physics-informed neural networks: Where we are and what's next},
  author={Cuomo, Salvatore and Di Cola, Vincenzo Salvatore and Giampaolo, Fabio and Rozza, Gianluigi and Raissi, Maziar and Piccialli, Francesco},
  journal={Journal of Scientific Computing},
  volume={92},
  number={3},
  pages={1--36},
  year={2022},
  publisher={Springer},
}

@article{sirignano2018deep,
  title={DGM: A deep learning algorithm for solving partial differential equations},
  author={Sirignano, Justin and Spiliopoulos, Konstantinos},
  journal={Journal of Computational Physics},
  volume={375},
  pages={1339--1364},
  year={2018},
  publisher={Elsevier},
}

@article{lecun2015deep,
  title={Deep learning},
  author={LeCun, Yann and Bengio, Yoshua and Hinton, Geoffrey},
  journal={Nature},
  volume={521},
  number={7553},
  pages={436--444},
  year={2015},
  publisher={Nature Publishing Group},
}

@article{wang2022understanding,
  title={Understanding and mitigating gradient flow pathologies in physics-informed neural networks},
  author={Wang, Sifan and Teng, Yujun and Perdikaris, Paris},
  journal={SIAM Journal on Scientific Computing},
  volume={44},
  number={2},
  pages={A1165--A1189},
  year={2022},
  publisher={SIAM},
}

@article{zang2020adaptive,
  title={An adaptive physics-informed neural network for solving time-dependent PDEs},
  author={Zang, Yuncheng and Bao, Wei and Ye, Xiaoxiao and Wang, Xiaoming},
  journal={Journal of Computational Physics},
  volume={418},
  pages={109629},
  year={2020},
  publisher={Elsevier},
}

@inproceedings{quinonero2009dataset,
  title={Dataset shift in machine learning},
  author={Qui{\~n}onero-Candela, Joaquin and Sugiyama, Masashi and Schwaighofer, Anton and Lawrence, Neil D.},
  booktitle={MIT Press},
  year={2009},
}

@book{strauss2007partial,
  title={Partial Differential Equations: An Introduction},
  author={Strauss, Walter A},
  year={2007},
  publisher={John Wiley \& Sons},
}

@book{taylor2010partial,
  title={Partial Differential Equations I: Basic Theory},
  author={Taylor, Michael E},
  year={2010},
  publisher={Springer Science \& Business Media},
}

@article{rasht2022wave,
  title={Physics-informed neural networks for high-dimensional wave equations},
  author={Rasht, Amirhossein and Yazdani, Alireza and Li, Zhen},
  journal={Computers \& Mathematics with Applications},
  volume={113},
  pages={189--203},
  year={2022},
  publisher={Elsevier},
}

@article{baydin2018automatic,
  title={Automatic differentiation in machine learning: a survey},
  author={Baydin, Atilim Gunes and Pearlmutter, Barak A and Radul, Alexey Andreyevich and Siskind, Jeffrey Mark},
  journal={Journal of Marchine Learning Research},
  volume={18},
  number={153},
  pages={1--43},
  year={2018},
}

@article{zhu2022periodic,
  title={Fourier-feature PINNs for solving PDEs with periodic conditions},
  author={Zhu, Mengyu and Wang, Zhiping and Lin, Guang},
  journal={Journal of Computational Physics},
  volume={463},
  pages={111248},
  year={2022},
  publisher={Elsevier},
}

@article{mishra2022estimates,
  title={Estimates and convergence of physics-informed neural networks for boundary value problems},
  author={Mishra, Siddhartha and Molinaro, Rebecca},
  journal={IMA Journal of Numerical Analysis},
  volume={42},
  number={1},
  pages={107--140},
  year={2022},
  publisher={Oxford University Press},
}

@article{alkhadhr2023wave,
  title={A study on Physics-Informed Neural Networks for the 3D wave equation},
  author={Alkhadhr, Khalid and Liu, Wenjun},
  journal={Mathematics},
  volume={11},
  number={4},
  pages={957},
  year={2023}
}

@article{kingma2014adam,
  title={Adam: A Method for Stochastic Optimization},
  author={Kingma, Diederik P and Ba, Jimmy},
  journal={arXiv preprint arXiv:1412.6980},
  year={2014}
}

@article{jagtap2020adaptive,
  title={Adaptive activation functions accelerate convergence in physics informed neural networks},
  author={Jagtap, Ameya D and Kawaguchi, Kenji and Karniadakis, George Em},
  journal={Journal of Computational Physics},
  volume={404},
  pages={109136},
  year={2020}
}

@article{yang2023hybrid,
  title={Hybrid Physics-Informed Neural Networks for Learning Financial PDEs from Data},
  author={Yang, Liheng and Karniadakis, George Em},
  journal={Applied Mathematics and Computation},
  volume={437},
  pages={127482},
  year={2023}
}

@article{wight2020solving,
  title={Solving Allen--Cahn and Cahn--Hilliard equations using physics informed neural networks with mesh-free finite differences},
  author={Wight, C and Zhao, X},
  journal={Journal of Computational Physics},
  volume={409},
  pages={109348},
  year={2020}
}

@article{shukla2022parallel,
  title={Parallel Physics-Informed Neural Networks via Domain Decomposition},
  author={Shukla, Kshitij and Lu, Lu and Meng, Xuhui and Karniadakis, George},
  journal={Communications in Computational Physics},
  volume={31},
  number={2},
  pages={494--518},
  year={2022}
}

@article{wang2023rare,
  title={Rare failure modes of Physics-Informed Neural Networks},
  author={Wang, Sifan and Hesthaven, Jan S},
  journal={Journal of Computational Physics},
  volume={482},
  pages={112921},
  year={2023}
}

@article{zhang2022quantum,
  title={Quantum Physics-Informed Neural Networks for Solving High-Dimensional PDEs},
  author={Zhang, Zheng and Li, Han and Karniadakis, George Em},
  journal={Nature Computational Science},
  volume={2},
  number={1},
  pages={39--45},
  year={2022}
}

@article{mcardle2020quantum,
  title={Quantum Computational Finance: Monte Carlo Pricing with a Quantum Computer},
  author={McArdle, Sam and Yuan, Xiao and Benjamin, Simon C},
  journal={npj Quantum Information},
  volume={6},
  number={1},
  pages={1--8},
  year={2020}
}

@article{cao2021sde,
  title={SDE-Net: Equipping neural networks with numerical solvers for stochastic differential equations},
  author={Cao, Yulong and Zhuang, Hao and Yan, Zhengchao and Chen, Yang and Shi, Yuwei},
  journal={Neural Networks},
  volume={143},
  pages={144--160},
  year={2021},
  publisher={Elsevier}
}

@article{finlay2022train,
  title={How to train your PINN: A performance benchmarking suite for physics-informed neural networks},
  author={Finlay, Chris and Mourtada, Jaouad and Vicol, Paul and Duvenaud, David},
  journal={arXiv preprint arXiv:2207.03566},
  year={2022}
}

@article{goswami2022adaptive,
  title={Adaptive activation functions accelerate PINNs for high-frequency wave problems},
  author={Goswami, Somdatta and Ozturk, Ali and Karniadakis, George Em},
  journal={Journal of Computational Physics},
  volume={466},
  pages={111389},
  year={2022},
  publisher={Elsevier}
}

@article{lu2021learning,
  title={Learning nonlinear operators via DeepONet based on the universal approximation theorem of operators},
  author={Lu, Lu and Jin, Pengzhan and Pang, Guofei and Zhang, Zhen and Karniadakis, George Em},
  journal={Nature Machine Intelligence},
  volume={3},
  number={3},
  pages={218--229},
  year={2021},
  publisher={Nature Publishing Group}
}

@article{yang2021bpn,
  title={B-PINNs: Bayesian physics-informed neural networks for forward and inverse PDE problems with noisy data},
  author={Yang, Liu and Meng, Xuhui and Karniadakis, George Em},
  journal={Journal of Computational Physics},
  volume={425},
  pages={109913},
  year={2021},
  publisher={Elsevier}
}

@book{goodfellow2016deep,
  title={Deep Learning},
  author={Goodfellow, Ian and Bengio, Yoshua and Courville, Aaron},
  year={2016},
  publisher={MIT Press}
},

@article{ali2021prediction,
  title={Prediction of discharge through a sharp-crested triangular weir using ANN model trained with Levenbergâ€“Marquardt algorithm},
  author={Ali, Md. Shaheer and Ayaz, Md.},
  journal={International Journal of Hydrology Science and Technology},
  volume={11},
  number={3},
  pages={282-296},
  year={2021},
  publisher={Inderscience Publishers}
},

@article{trahan2024quantum,
  title={Quantum Physics-Informed Neural Networks},
  author={Trahan, Corey and Loveland, Mark and Dent, Samuel},
  journal={Entropy},
  volume={26},
  number={8},
  pages={649},
  year={2024},
  publisher={MDPI},
  doi={10.3390/e26080649}
},

@book{hull2018options,
  title={Options, Futures, and Other Derivatives},
  author={Hull, John C.},
  year={2018},
  publisher={Pearson Education}
},

@article{cai2021physics,
  title={Physics-informed neural networks for heat transfer problems},
  author={Cai, Shu and Wang, Xiaojie and Karniadakis, George Em},
  journal={Journal of Heat Transfer},
  volume={143},
  number={12},
  pages={120801},
  year={2021},
  publisher={ASME}
},

@article{e2017deep,
  title={A deep learning framework for option pricing using unbiased loss functions},
  author={E, Weinan and Han, Jiequn and Jentzen, Arnulf},
  journal={Communications in Mathematics and Statistics},
  volume={5},
  number={4},
  pages={349--380},
  year={2017},
  publisher={Springer}
},

@misc{ruder2016overview,
  title={An overview of gradient descent optimization algorithms},
  author={Ruder, Sebastian},
  year={2016},
  note={arXiv preprint arXiv:1609.04747}
},

@article{tang2023data,
  title={Data-enhanced physics-informed neural networks for forward and inverse PDE problems with noisy data},
  author={Tang, Yuanzhe and Lu, Lu and Karniadakis, George Em},
  journal={Journal of Computational Physics},
  volume={475},
  pages={111882},
  year={2023},
  publisher={Elsevier}
},

